% !TEX root = main.tex

@book{Pierce:2002:TPL,
 author = {Pierce, Benjamin C.},
 title = {Types and Programming Languages},
 year = {2002},
 isbn = {0262162091, 9780262162098},
 edition = {1st},
 publisher = {The MIT Press},
}

@inproceedings{ThomsenAxelsen:2016:IFL,
  Author = {Thomsen, Michael Kirkedal and Axelsen, Holger Bock},
  Booktitle = {Symposium on the Implementation and Application of Functional Programming Languages},
  Pages = {8:1--8:13},
  Publisher = {ACM},
  Series = {IFL '15},
  Title = {Interpretation and Programming of the Reversible Functional Language},
  Year = {2016}
}

@inproceedings{GreenEtAl:2013:Quip,
  Author = {Green, Alexander S. and Lumsdaine, Peter LeFanu and Ross, Neil J. and Selinger, Peter and Valiron, Beno\^{\i}t},
  Booktitle = {Conference on Programming Language Design and Implementation, PLDI},
  Pages = {333--342},
  Publisher = {ACM},
  Series = {PLDI '13},
  Title = {Quipper: A Scalable Quantum Programming Language},
  Year = {2013}
}

@inproceedings{Thomsen:2012:FDL,
  Author = {Thomsen, Michael Kirkedal},
  Booktitle = {Specification \& Design Languages, FDL 2012},
  Pages = {135--142},
  Publisher = {{IEEE}},
  Title = {A Functional Language for Describing Reversible Logic},
  Year = {2012}
}

@inproceedings{SchultzLEA:2015,
  Author = {Schultz, Ulrik Pagh and Laursen, Johan Sund and Ellekilde, Lars{-}Peter and Axelsen, Holger Bock},
  Booktitle = {Reversible Computation, {RC}},
  OPTCrossref = {DBLP:conf/rc/2015},
  Editor = {Krivine, Jean and Stefani, Jean{-}Bernard },
  Pages = {111--126},
  Title = {Towards a Domain-Specific Language for Reversible Assembly Sequences},
  Volume = {9138},
  Year = {2015}
}

@inproceedings{YokoyamaAxelsenGlueck:2012:LNCS,
  Author = {Tetsuo Yokoyama and Holger Bock Axelsen and Gl\"{u}ck, Robert},
  Booktitle = {Reversible Computation, RC '11},
  Editor = {De Vos, Alexis and Wille, Robert},
  Pages = {14--29},
  Publisher = {{Springer-Verlag}},
  Series = {LNCS},
  Title = {Towards a reversible functional language},
  Volume = {7165},
  Year = {2012}
}

@article{Lecerf:1963,
  Author = {Lecerf, Y.},
  Journal = {Comptes Rendus Hebdomadaires des S\'{e}ances de l'Acad\'{e}mie des Sciences},
  Pages = {2597--2600},
  Title = {Machines de {T}uring R\'{e}versibles},
  Volume = {257},
  Year = {1963}
}

@inproceedings{YokoyamaAxelsenGlueck:2008:ICALP,
  Author = {Yokoyama, Tetsuo and Axelsen, Holger Bock and Gl\"{u}ck, Robert},
  Booktitle = {Automata, Languages and Programming. Proceedings},
  Editor = {Luca Aceto and Ivan Damg{\aa}rd and Leslie Ann Goldberg and Magn\'{u}s M. Halld\'{o}rsson and Anna Ing\'{o}lfsd\'{o}ttir and Igor Walukiewicz},
  Pages = {258--270},
  Publisher = {Springer-Verlag},
  Series = {LNCS},
  Title = {Reversible Flowchart Languages and the Structured Reversible Program Theorem},
  Volume = {5126},
  Year = {2008}
}

@article{Huffman:1959,
  Author = {Huffman, David A.},
  Journal = {{IRE} Transactions on Information Theory},
  Number = {5},
  Pages = {41--59},
  Title = {Canonical Forms for Information-Lossless Finite-State Logical Machines},
  Volume = {5},
  Year = {1959}
}

@article{YokoyamaEtAl:2015,
  Author = {Yokoyama, Tetsuo and Axelsen, Holger Bock and Gl\"{u}ck, Robert},
  Journal = {Theoretical Computer Science},
  OPTPages = {-},
  OPTdoi = {10.1016/j.tcs.2015.07.046},
  note = {dx.doi.org/10.1016/j.tcs.2015.07.046. Article in press},
  Title = {Fundamentals of reversible flowchart languages},
  Year = {2015}
}

@article{Landauer:1961,
  Author = {Landauer, Rolf},
  Journal = {IBM Journal of Research and Development},
  Number = {3},
  Pages = {183--191},
  Title = {Irreversibility and heat generation in the computing process},
  Volume = {5},
  Year = {1961}
}

@unpublished{JamesSabry:2014:RC,
  Author = {James, Roshan P. and Sabry, Amr},
  OptNote = {Work in progress paper at RC 2014},
  Title = {Theseus: A High Level Language for Reversible Computing},
  Year = {2014},
  Note = {Work in progress paper at RC 2014. Available at \url{www.cs.indiana.edu/~sabry/papers/theseus.pdf}}
  }

@incollection{SchordanEtal:2015:RC,
  Author = {Schordan, Markus and Jefferson, David and Barnes, Peter and Oppelstrup, Tomas and Quinlan, Daniel},
  Booktitle = {Reversible Computation},
  Editor = {Krivine, Jean and Stefani, Jean-Bernard},
  Pages = {95--110},
  Publisher = {Springer},
  Series = {9138},
  Title = {Reverse Code Generation for Parallel Discrete Event Simulation},
  Year = {2015}
}

@misc{LutzDerby:1986,
  Author = {Lutz, Christopher and Derby, Howard},
  Howpublished = {A letter to {R. Landauer.} \verb+http://tetsuo.jp/ref/janus.pdf+},
  Title = {Janus: A Time-reversible Language},
  Year = {1986}
}

@inproceedings{YokoyamaGlueck:2007:Janus,
  Author = {Yokoyama, Tetsuo and Gl\"{u}ck, Robert},
  Booktitle = {Partial Evaluation and Program Manipulation. PEPM '07},
  Pages = {144--153},
  Publisher = {{ACM}},
  Title = {A reversible programming language and its invertible self-interpreter},
  Year = {2007}
}

@inproceedings{Axelsen:2011:CC,
  Author = {Axelsen, Holger Bock},
  Booktitle = {Compiler Construction. CC '11},
  Editor = {Jens Knoop},
  Pages = {142--161},
  Publisher = {Springer-Verlag},
  Series = {LNCS},
  Title = {Clean Translation of an Imperative Reversible Programming Language},
  Volume = {6601},
  Year = {2011}
}

@phdthesis{Polakow:2001,
  Author = {Polakow, Jeff},
  School = {Carnegie Mellon University},
  Title = {Ordered Linear Logic and Applications},
  Year = {2001}
}

@article{Girard:1987,
  Author = {Jean-Yves Girard},
  Journal = {Theoretical Computer Science},
  Number = {1},
  Pages = {1--101},
  Title = {Linear logic},
  Volume = {50},
  Year = {1987}}

@inproceedings{Wadler:1990,
  Author = {Wadler, Philip},
  Booktitle = {IFIP TC 2 Working Conference on Programming Concepts and Methods},
  Pages = {347--359},
  Publisher = {North Holland},
  Title = {Linear types can change the world!},
  Year = {1990}}

@inproceedings{SabryEtal:2018,
  author= {Sabry, Amr and Valiron, Beno{\^i}t and Vizzotto, Juliana Kaizer},
  editor= {Baier, Christel and Dal Lago, Ugo},
  title= {From Symmetric Pattern-Matching to Quantum Control},
  booktitle= {Foundations of Software Science and Computation Structures},
  year= {2018},
  publisher= {Springer International Publishing},
  pages= {348--364},
}

@article{AxelsenGlueck:2016,
  author={Axelsen, Holger Bock and Gl{\"u}ck, Robert},
  title={On reversible Turing machines and their function universality},
  journal={Acta Informatica},
  year={2016},
  volume={53},
  number={5},
  pages={509--543}
}

@inproceedings{GlueckKaarsgaard:2018,
  author={Gl\"{u}ck, Robert and Kaarsgaard, Robin},
  title={A Categorical Foundation for Structured Reversible Flowchart Languages},
  editor={Silva, Alexandra},
  booktitle={Mathematical Foundations of
  Programming Semantics (MFPS XXXIII)},
  series={Electronic Notes in Theoretical Computer Science},
  volume={336},
  pages={155--171},
  year={2018},
  publisher={Elsevier}
}

@incollection{Dunn:2002,
  author = {Dunn, J Michael and Restall, Greg},
  booktitle = {Handbook of Philosophical Logic},
  edition = {Second},
  editor = {Gabbay, Dov and Guenther, Franz},
  pages = {1--192},
  publisher = {Springer-Verlag},
  title = {{Relevance logic}},
  volume = {6},
  year = {2002}
}

@book{Anderson:1975,
  author = {Anderson, Alan Ross and Belnap, Nuel D.},
  title = {Entailment: {T}he logic of relevance and necessity},
  publisher = {Princeton University Press},
  volume = {1},
  year = {1975}
}

@inproceedings{Wadler:1989,
  title={How to make ad-hoc polymorphism less ad hoc},
  author={Wadler, Philip and Blott, Stephen},
  booktitle={Proceedings of the 16th ACM SIGPLAN-SIGACT symposium on Principles of programming languages},
  pages={60--76},
  year={1989},
  organization={ACM}
}

@article{Rice:1953,
  title={Classes of recursively enumerable sets and their decision problems},
  author={Rice, Henry Gordon},
  journal={Transactions of the American Mathematical Society},
  volume={74},
  number={2},
  pages={358--366},
  year={1953}
}

@book{Cardelli:1992,
  title={Extensible records in a pure calculus of subtyping},
  author={Cardelli, Luca},
  year={1992},
  publisher={Digital. Systems Research Center}
}

@phdthesis{Kaarsgaard:2017,
  title={The Logic of Reversible Computing: Theory and Practice},
  School = {University of Copenhagen},
  author={Kaarsgaard, Robin},
  year={2017},
}

@inproceedings{Paolini:2018,
  title={A certified study of a reversible programming language},
  author={Paolini, Luca and Piccolo, Mauro and Roversi, Luca},
  booktitle={LIPIcs-Leibniz International Proceedings in Informatics},
  volume={69},
  year={2018},
  organization={Schloss Dagstuhl-Leibniz-Zentrum fuer Informatik}
}

@inproceedings{Gluck:2003,
  title={A program inverter for a functional language with equality and constructors},
  author={Gl{\"u}ck, Robert and Kawabe, Masahiko},
  booktitle={Asian Symposium on Programming Languages and Systems},
  pages={246--264},
  year={2003},
  organization={Springer}
}

@article{Hall:1996,
  title={Type classes in Haskell},
  author={Hall, Cordelia V and Hammond, Kevin and Peyton Jones, Simon L and Wadler, Philip L},
  journal={ACM Transactions on Programming Languages and Systems (TOPLAS)},
  volume={18},
  number={2},
  pages={109--138},
  year={1996},
  publisher={ACM}
}

@inproceedings{Giesl:2006,
  title={Automated termination analysis for Haskell: From term rewriting to programming languages},
  author={Giesl, J{\"u}rgen and Swiderski, Stephan and Schneider-Kamp, Peter and Thiemann, Ren{\'e}},
  booktitle={International Conference on Rewriting Techniques and Applications},
  pages={297--312},
  year={2006},
  organization={Springer}
}

@inproceedings{Manolios:2006,
  title={Termination analysis with calling context graphs},
  author={Manolios, Panagiotis and Vroon, Daron},
  booktitle={International Conference on Computer Aided Verification},
  pages={401--414},
  year={2006},
  organization={Springer}
}

@article{Bohne,
  title={An Approach for Generalized Reversible Functional Programming},
  author={Bohne, Stefan and Widemann, Baltasar Tranc{\'o}n}
}

@article{Heunen:2015,
  title={Reversible monadic computing},
  author={Heunen, Chris and Karvonen, Martti},
  journal={arXiv preprint arXiv:1505.04330},
  year={2015}
}

@article{Milner:1978,
  title={A theory of type polymorphism in programming},
  author={Milner, Robin},
  journal={Journal of computer and system sciences},
  volume={17},
  number={3},
  pages={348--375},
  year={1978},
  publisher={Elsevier}
}

@inproceedings{Thomsen:2011,
  title={A reversible processor architecture and its reversible logic design},
  author={Thomsen, Michael Kirkedal and Axelsen, Holger Bock and Gl{\"u}ck, Robert},
  booktitle={International Workshop on Reversible Computation},
  pages={30--42},
  year={2011},
  organization={Springer}
}

@phdthesis{Caroe:2012,
  title={Design of Reversible Computing Systems},
  author={Car{\o}e, Michael Kirkedal},
  year={2012},
  school={PhD Thesis. University of Copenhagen, DIKU}
}

@phdthesis{Vieri:1995,
  title={Pendulum--a reversible computer architecture},
  author={Vieri, Carlin James},
  year={1995},
  school={Massachusetts Institute of Technology}
}

@article{Mccarthy:1956,
  title={The inversion of functions defined by Turing machines},
  author={McCarthy, John},
  journal={Automata studies},
  pages={177--181},
  year={1956}
}

@article{Wright:1994,
  title={A syntactic approach to type soundness},
  author={Wright, Andrew K and Felleisen, Matthias and others},
  journal={Information and computation},
  volume={115},
  number={1},
  pages={38--94},
  year={1994},
  publisher={San Diego: Academic Press, c1987-}
}

@inproceedings{Jones:1995,
  title={Functional programming with overloading and higher-order polymorphism},
  author={Jones, Mark P},
  booktitle={International School on Advanced Functional Programming},
  pages={97--136},
  year={1995},
  organization={Springer}
}

@inproceedings{Axelsen:2011,
  title={Time complexity of tape reduction for reversible turing machines},
  author={Axelsen, Holger Bock},
  booktitle={International Workshop on Reversible Computation},
  pages={1--13},
  year={2011},
  organization={Springer}
}

@article{Bennett:1973,
  title={Logical reversibility of computation},
  author={Bennett, Charles H},
  journal={IBM journal of Research and Development},
  volume={17},
  number={6},
  pages={525--532},
  year={1973},
  publisher={IBM}
}

@inproceedings{AxelsenGlueck:2011:FoSSaCS,
  Author = {Holger Bock Axelsen and Gl\"{u}ck, Robert},
  Booktitle = {Foundations of Software Science and Computational Structures},
  Editor = {Martin Hofmann},
  Pages = {42--56},
  Publisher = {Springer-Verlag},
  Series = {LNCS},
  Title = {What Do Reversible Programs Compute?},
  Volume = {6604},
  Year = {2011}
}

@article{Heunen:2018,
  title={Reversible effects as inverse arrows},
  author={Heunen, Chris and Kaarsgaard, Robin and Karvonen, Martti},
  journal={arXiv preprint arXiv:1805.08605},
  year={2018}
}

@article{Church:1936,
  title={An unsolvable problem of elementary number theory},
  author={Church, Alonzo},
  journal={American journal of mathematics},
  volume={58},
  number={2},
  pages={345--363},
  year={1936},
  publisher={JSTOR}
}

@article{Hutton:1998,
  title={Monadic parsing in Haskell},
  author={Hutton, Graham and Meijer, Erik},
  journal={Journal of functional programming},
  volume={8},
  number={4},
  pages={437--444},
  year={1998},
  publisher={Cambridge University Press}
}

@article{Claessen:2011,
  title={QuickCheck: a lightweight tool for random testing of Haskell programs},
  author={Claessen, Koen and Hughes, John},
  journal={Acm sigplan notices},
  volume={46},
  number={4},
  pages={53--64},
  year={2011},
  publisher={ACM}
}

@article{Turing:1937,
  title={On computable numbers, with an application to the Entscheidungsproblem},
  author={Turing, Alan M},
  journal={Proceedings of the London mathematical society},
  volume={2},
  number={1},
  pages={230--265},
  year={1937},
  publisher={Wiley Online Library}
}

@inproceedings{Diatchki:2002,
  title={A formal specification of the Haskell 98 module system},
  author={Diatchki, Iavor S and Jones, Mark P and Hallgren, Thomas},
  booktitle={Proceedings of the 2002 ACM SIGPLAN workshop on Haskell},
  pages={17--28},
  year={2002},
  organization={ACM}
}

@book{Bertot:2013,
  title={Interactive theorem proving and program development: Coq’Art: the calculus of inductive constructions},
  author={Bertot, Yves and Cast{\'e}ran, Pierre},
  year={2013},
  publisher={Springer Science \& Business Media}
}

@inproceedings{Matsakis:2014,
  title={The rust language},
  author={Matsakis, Nicholas D and Klock II, Felix S},
  booktitle={ACM SIGAda Ada Letters},
  volume={34},
  number={3},
  pages={103--104},
  year={2014},
  organization={ACM}
}






% UNUSED?

@inproceedings{AxelsenYokoyama:2015:APLAS,
  Author = {Axelsen, Holger Bock and Yokoyama, Tetsuo},
  Booktitle = {Programming Languages and Systems. Proceedings (APLAS)},
  Editor = {Xinyu Feng and Sungwoo Park},
  Pages = {407--426},
  Publisher = {Springer},
  Series = {LNCS},
  Title = {Programming Techniques for Reversible Comparison Sorts},
  Volume = {9458},
  Year = {2015}
}

@incollection{Mogensen:2015:GC,
  Author = {Mogensen, Torben \Ae.},
  Booktitle = {Reversible Computation},
  Editor = {Krivine, Jean and Stefani, Jean-Bernard},
  Pages = {79-94},
  Publisher = {Springer International Publishing},
  Series = {Lecture Notes in Computer Science},
  Title = {Garbage Collection for Reversible Functional Languages},
  Volume = {9138},
  Year = {2015}
}

@inproceedings{Mogensen:2014:RC,
  Author = {Mogensen, Torben {\AE}gidius},
  Booktitle = {Reversible Computation},
  Editor = {Yamashita, Shigeru and Minato, Shin-ichi},
  Pages = {82--94},
  Publisher = {Springer International Publishing},
  Series = {Lecture Notes in Computer Science},
  Title = {Reference Counting for Reversible Languages},
  Volume = {8507},
  Year = {2014}
}

@article{YokoyamaAxelsenGlueck:2011:MVLSC,
  Author = {Tetsuo Yokoyama and Holger Bock Axelsen and Gl\"{u}ck, Robert},
  Journal = {Multiple-Valued Logic and Soft Computing},
  Number = {1},
  Pages = {5--24},
  Title = {Optimizing Reversible Simulation of Injective Functions},
  Volume = {18},
  Year = {2012}
}

@inproceedings{YokoyamaAxelsenGluck:2012,
  Author = {Yokoyama, T. and Axelsen, H.B. and Gl\"{u}ck, Robert},
  Booktitle = {Networking and Computing (ICNC), 2012 Third International Conference on},
  Pages = {379-387},
  Title = {Minimizing garbage size by generating reversible simulations},
  Year = {2012}
}

@article{VedralBarencoEkert:1996,
  Author = {Vedral, Vlatko and Barenco, Adriano and Ekert, Artur},
  Journal = {Physical Review A},
  Number = {1},
  Pages = {147--153},
  Title = {Quantum networks for elementary arithmetic operations},
  Volume = {54},
  Year = {1996}
}

@article{CuccaroEtAl:2005,
  Author = {Cuccaro, Steven A. and Draper, Thomas G. and Kutin, Samuel A. and Moulton, David Petrie},
  Journal = {arXiv:quant-ph/0410184v1},
  Title = {A new quantum ripple-carry addition circuit},
  Year = {2005}
}

@inproceedings{AxelsenGluck:2013:RC,
  Author = {Axelsen, Holger Bock and Gl\"{u}ck, Robert},
  Booktitle = {Reversible Computation},
  Editor = {Dueck, Gerhard W. and Miller, D. Michael},
  Pages = {96--109},
  Series = {LNCS},
  Title = {Reversible Representation and Manipulation of Constructor Terms in the Heap},
  Volume = {7948},
  Year = {2013}
}

@article{BerutEtal:2012:Nat,
  Author = {B\'erut, Antoine and Arakelyan, Artak and Petrosyan, Artyom and Ciliberto, Sergio and Dillenschneider, Raoul and Lutz, Eric},
  Journal = {Nature},
  Number = {7388},
  Pages = {187--189},
  Title = {Experimental verification of {Landauer's} principle linking information and thermodynamics},
  Volume = {483},
  Year = {2012}
}

@article{OrlovEtal:2012,
  Author = {Alexei O. Orlov and Craig S. Lent and Cameron C. Thorpe and Graham P. Boechler and Gregory L. Snider},
  Journal = {Japanese Journal of Applied Physics},
  Pages = {06FE10},
  Title = {Experimental Test of {L}andauer's Principle at the Sub-$k_{\mathrm{\uppercase{B}}} {T}$ Level},
  Volume = {51},
  Year = {2012}
}

@phdthesis{Frank:1999,
  Author = {Frank, Michael P.},
  School = {MIT, EECS},
  Title = {Reversibility for Efficient Computing},
  Year = {1999}
}

@article{Bowman:2011,
  title={Dagger traced symmetric monoidal categories and reversible programming},
  author={Bowman, William J and James, Roshan P and Sabry, Amr},
  journal={Reversible Computation},
  volume={7165},
  pages={51--56},
  year={2011}
}

@incollection{Selinger:2010,
  title={A survey of graphical languages for monoidal categories},
  author={Selinger, Peter},
  booktitle={New structures for physics},
  pages={289--355},
  year={2010},
  publisher={Springer}
}

@inproceedings{Joyal:1996,
  title={Traced monoidal categories},
  author={Joyal, Andr{\'e} and Street, Ross and Verity, Dominic},
  booktitle={Mathematical Proceedings of the Cambridge Philosophical Society},
  volume={119},
  number={3},
  pages={447--468},
  year={1996},
  organization={Cambridge University Press}
}

@article{Moggi:1991,
  title={Notions of computation and monads},
  author={Moggi, Eugenio},
  journal={Information and computation},
  volume={93},
  number={1},
  pages={55--92},
  year={1991},
  publisher={Academic Press}
}

@inproceedings{Kawabe:2005,
  title={The program inverter LRinv and its structure},
  author={Kawabe, Masahiko and Gl{\"u}ck, Robert},
  booktitle={International Workshop on Practical Aspects of Declarative Languages},
  pages={219--234},
  year={2005},
  organization={Springer}
}
